@article{courcelle,
    author =       "B. Courcelle; J. A. Makowsky; U. Rotics",
    title =        "Linear Time Solvable Optimization Problems on Graphs of Bounded Clique-Width"
},
 
@article{wao,
    author =       "MichaÃ«l Rao",
    title =        "MSOL partitioning problems on graphs of bounded treewidth and clique-width"
}
